2658 4772
522 382 525 392 ·
608 373 642 416 -s

305 571 374 624 ito
612 545 700 622 Lis.
718 551 762 620 ΙΙ.
815 551 917 623 CAP.
933 553 960 622 i.

299 729 382 848 ques
396 758 517 850 tulgus
531 755 680 840 ferebat,
704 729 827 852 nixus,
853 749 1025 849 plurimas
1035 759 1219 828 immiscuit
1234 761 1290 828 sa-

298 881 412 962 bulas,
427 901 517 984 ¹(suae
532 877 552 946 si
568 878 784 967 ipsius‘fidem
800 879 957 966 superare
974 881 1192 963 videbantur,
1211 877 1286 948 ‘tre-

301 997 332 1108 gs
345 987 466 1103 rodrov
483 984 695 1070 δὲσκεπτέον
709 1003 912 1093 plerumque
927 1003 1098 1068 adiunxit:

285 1233 288 1245 ¹
374 1216 376 1222 ’
425 1283 428 1290 .
470 1241 685 1322 1ιηιιῑειοιι
719 1236 1090 1300 vnenrsnrrrun.

371 1372 563 1444 Historiam
586 1349 780 1466 plantarum
804 1343 992 1444 tlaturalem
1018 1373 1283 1470 Theophrastus

302 1501 414 1568 obiter
439 1512 473 1564 et
496 1496 582 1582 quasi
609 1497 698 1564 aliud
723 1520 824 1586 agens
850 1505 1025 1580 tractavit,
1066 1499 1194 1570 calamo
1222 1523 1283 1569 eas

299 1619 413 1710 fugaci
428 1619 600 1688 delineans
616 1625 815 1710 properavit
825 1623 866 1686 ad
879 1627 1030 1690 rationes
1044 1625 1284 1710 vegetationis,

299 1746 478 1831 inquibus
502 1744 717 1832 exponendis
741 1755 776 1810 et
798 1743 841 1807 ad
868 1754 977 1822 artes,
1007 1730 1211 1830 praesertim
1234 1741 1283 1804 ad

299 1862 486 1932 hortorum
512 1878 545 1930 et
565 1885 729 1952 agrorum
750 1862 920 1930 culturam
941 1863 1149 1954 applicandis
1164 1871 1282 1934 omnis

294 1982 366 2051 esse
380 1981 544 2050 studebat.

273 2123 277 2130 ’
372 2105 413 2170 In
435 2105 631 2174 nominibus
653 2111 803 2194 partium
827 2105 1015 2194 deligendis
1040 2107 1188 2175 curiosus
1204 2105 1283 2187 fuit,

148 2181 154 2236 ζ
187 2283 190 2288 .
301 2252 405 2316 eaque
439 2224 583 2292 studiose
617 2225 785 2304 definivit,
829 2228 921 2314 quod
953 2225 1029 2294 satis
1048 2223 1280 2311 laudandum,

301 2375 409 2441 quum
430 2371 524 2433 nove
546 2347 641 2438 saepe
666 2363 701 2415 et
721 2353 816 2438 prius
839 2347 928 2415 haud
950 2349 1068 2418 usitato
1095 2349 1280 2442 significatu

300 2495 403 2546 voces
431 2469 579 2562 usurpet·
647 2469 703 2536 De
737 2469 990 2538 definitionibus
1023 2481 1141 2538 tamen
1172 2495 1279 2561 agens

298 2595 400 2683 (hist.
427 2617 464 2675 ι,
499 2585 562 2672 6.)
593 2583 653 2658 οὐκ
683 2577 967 2686 ρι’κςιβολογητεόν
993 2598 1103 2680 inquit
1127 2587 1176 2682 τῷ
1202 2578 1278 2688 ὅρῳ,

298 2707 404 2786 otttd
426 2735 474 2805 τῳ
496 2700 594 2804 τύπῳ
616 2707 764 2790 ληπτέον
784 2702 863 2787 rods
886 2707 982 2808 ἄφες
984 2703 1114 2802 ισμρύς.
1170 2711 1278 2783 Acci-

299 2839 449 2908 dentules
471 2853 585 2904 tamen
612 2851 647 2904 et
671 2837 719 2908 ess
718 2839 855 2907 entiales
873 2839 1082 2905 differentias
1097 2842 1205 2928 probe
1221 2865 1278 2934 ag·

222 3013 235 3034 ,
298 2958 422 3028 noscit.
446 2947 620 3061 sylvellses
639 2965 780 3026 enimet
797 2962 952 3039 urbanas,
970 2957 1137 3028 floriferas
1155 2975 1189 3028 et
1202 2986 1277 3030 non

297 3083 484 3164 floriferas,
510 3087 687 3174 arbores,
701 3081 842 3148 frutices
863 3095 898 3146 et
922 3079 1044 3147 herbas
1060 3080 1156 3154 haud
1180 3097 1277 3148 natu·

297 3205 361 3271 rali
386 3190 427 3272 et‘
445 3203 605 3272 essentiali
631 3206 738 3271 modo
762 3208 853 3269 inter
880 3202 911 3268 se
935 3201 1076 3270 differre
1095 3201 1275 3272 manifesto

298 3325 412 3393 docet.

369 3445 548 3514 Foliorum
568 3443 698 3511 formas
717 3465 789 3510 non
812 3442 897 3510 male
922 3441 1098 3534 expressit,
1123 3441 1275 3534 plerum·

295 3591 362 3656 que
376 3581 491 3634 tamen
505 3563 738 3631 similitudines
756 3548 878 3645 adfert,
899 3581 928 3628 rr
929 3557 1197 3659 ςοςεμφεςὲς
1147 3585 1194 3654 τῳ
1212 3581 1273 3642 της

293 3681 464 3766 πτελέας,
488 3669 637 3776 δάφνης,
663 3665 795 3760 floriare.
847 3683 908 3754 Ad
931 3691 1121 3776 marginem
1143 3693 1273 3776 praeci

292 3835 361 3904 pue
374 3809 542 3901 respexit,
564 3797 705 3896 ἐντομοὶς
722 3806 881 3876 distinxit
897 3809 937 3872 ab
954 3800 1060 3895 εύσχί
1057 3826 1147 3881 στοις
1161 3807 1271 3877 foliis:

292 3931 420 4024 μίσχου
444 3929 653 4024 (perinlum)
672 3931 746 3998 fere
766 3933 891 4036 ubique
909 3924 1089 4020 descrip'fit.
1114 3925 1134 4018 (
1141 3930 1219 4024 fust.
1237 3949 1269 4012 r,

295 4049 391 4137 ssi).
