2642 4776
96 581 240 656 sorar.
261 559 411 654 exin
437 560 888 652 murmuremus.
941 563 1016 674 307
1114 687 1117 699 Α

41 813 98 876 que
117 805 151 858 et
166 792 319 870 Arabes,
342 805 381 858 ut
396 731 658 880 compilatores,
686 794 807 876 quibus
823 811 940 857 rerum
958 733 1016 857 de·

39 912 134 978 suerit
156 917 328 1002 cognitio,
360 935 484 1000 reprae
487 911 616 978 lentare
640 909 773 980 studuit
802 912 822 994 (
831 915 1015 1004 Opuscule

38 1033 153 1100 Venet.
175 1027 283 1100 1550.
309 1031 368 1100 sol.
377 1027 407 1112 ).
458 1031 612 1100 Maxime
633 1013 860 1122 Serapionem
882 1033 1015 1124 adgres-

36 1149 81 1218 sus
105 1151 166 1244 est,
193 1167 315 1244 utpote
336 1159 431 1220 cuius
449 1154 625 1222 erroribus
649 1167 704 1220 tot
722 1169 859 1240 tamque
875 1155 1013 1246 insignia

37 1275 151 1340 darona
172 1274 364 1343 infsalutem
381 1247 561 1358 humanam
579 1288 734 1340 manent:
764 1275 876 1364 passim
896 1293 1012 1345 tamen
1107 1354 1111 1362 ,

37 1401 128 1459 etiam
148 1393 294 1460 Plinium
311 1368 522 1484 adgreditur.
573 1391 827 1461 Aristolochiae
842 1393 1011 1467 rotundae

35 1518 180 1581 radicem
204 1504 283 1581 cum
301 1512 499 1612 Cyclamine
517 1523 739 1596 commutari,
770 1517 838 1586 hoc
855 1525 945 1585 enim
967 1524 1011 1588 ad

35 1638 137 1722 pisces
166 1640 360 1705 enecandos
387 1636 552 1704 adhiberi.
604 1637 712 1726 Fraga
735 1637 898 1706 trifoliata
923 1642 1034 1752 male⁴

34 1757 193 1825 conlundi
211 1739 288 1826 cum
306 1757 460 1825 Trifolio
476 1757 650 1848 fragisero.
697 1757 788 1826 Bene
813 1765 897 1828 vidit
912 1788 1009 1834 erro

33 1902 83 1946 res
103 1877 341 1946 Arabistarum
364 1879 579 1944 miscentium
600 1877 716 1944 Isatida
741 1904 817 1946 cum
839 1882 1009 1972 Indigose·

32 2023 64 2064 ra
90 2015 124 2066 et
142 1997 298 2084 Dolicho
323 1997 469 2074 Lableb:
502 1995 694 2088 Carpasium
715 1997 833 2065 Galeni
860 2003 1007 2072 alienum
1036 2043 1051 2066 κ
1078 2049 1087 2056 -

33 2120 90 2196 elle
122 2144 142 2187 a
167 2119 324 2186 Cubebis.
386 2113 525 2183 Lolium
557 2125 675 2184 tritico
706 2127 851 2186 noxium
881 2099 1006 2192 eodem

31 2245 134 2310 modo
167 2252 351 2334 perperam
377 2237 503 2304 Plinius
538 2239 689 2319 dixerat,
732 2265 800 2325 quo
826 2241 1006 2314 Cuscutam

29 2363 96 2430 aliis
123 2363 266 2454 plantis,
283 2363 285 2367 ’
301 2360 570 2446 circumligando
592 2381 753 2450 nempe,
770 2362 860 2446 quod
888 2366 1005 2438 noster
1050 2439 1054 2448 ,

29 2496 134 2548 taxat:
166 2483 248 2548 licet
271 2479 480 2545 Hermolaus
496 2477 641 2546 Plinium
665 2479 825 2546 excusare
848 2501 1006 2552 conetur.-

29 2607 204 2696 Hederam'
225 2618 261 2670 et
276 2599 403 2668 Clitum
430 2601 518 2667 male
540 2601 704 2670 confundi
725 2601 878 2702 aPliniO.
930 2605 1006 2674 Cas-

29 2727 100 2794 liam
115 2727 143 2797 F
144 2723 277 2792 istulam
292 2727 462 2809 veteribus
476 2729 690 2810 incognitam
701 2721 812 2800 fuisse,
835 2727 921 2793 male
936 2751 1002 2816 pro
1069 2787 1074 2816 ,

29 2872 62 2916 ea
76 2849 196 2914 haberi
214 2843 531 2936 Siliquamdulcem
556 2841 830 2927 (Ceratoniam.)
876 2889 897 2896 --
1110 2839 1112 2846 ¹

97 2967 293 3060 Saepissime
309 2970 509 3050 ceteroquin
522 2968 634 3032 bonus
648 2963 751 3030 senex
764 2973 901 3052 repetit,
918 2991 1004 3056 quae
1071 3017 1073 3021 -
1162 3053 1166 3061 ¹

29 3090 124 3156 semel
141 3091 296 3173 dixerat3
321 3081 412 3154 taxat
428 3091 530 3151 etiam
545 3083 696 3164 Arabes,
722 3089 848 3171 absque
861 3090 926 3155 ulla
939 3092 1004 3158 lin-

29 3233 105 3298 guae
127 3213 260 3274 notitia.
313 3203 372 3272 Sic
391 3205 588 3305 Avioeunae
611 3207 728 3270 obiicit
744 3205 1003 3286 Chamaelaeum
1040 3290 1044 3312 ,
1106 3217 1108 3228 '

29 3354 100 3396 cum
124 3327 388 3394 Chamaeleonte
412 3323 649 3410 commutasse;
682 3325 880 3418 Serapim,
911 3329 1005 3400 Tur.

29 3454 95 3520 sith
107 3452 205 3520 suum
231 3447 384 3531 (Seseli)
407 3449 500 3514 idem
514 3445 628 3514 facille
645 3457 723 3512 cum
738 3445 901 3541 Tripolio
917 3454 1004 3525 Dio.
1022 3523 1024 3526 .

29 3574 163 3641 Tcoridis
193 3561 475 3660 (Pldmbagine.).
527 3567 619 3656 Male
633 3565 828 3653 saccharum
845 3568 1003 3670 Arabum
1117 3612 1122 3625 .

29 3697 162 3776 Graecis
185 3703 253 3764 iam
275 3694 371 3764 suisse
391 3707 524 3762 notum.
585 3690 778 3760 Saliuncam
797 3711 830 3760 et
846 3696 1002 3766 Nardum

29 3819 210 3900 zeiricam,
233 3841 333 3908 quarn
356 3821 488 3908 optime
509 3809 635 3881 Plinius
659 3815 880 3893 distinxerat,
913 3834 1004 3886 eam-

29 3939 100 4004 lem
119 3937 183 4004 esse
165 3937 398 4028 eplantams

92 4059 160 4128 His
177 4045 319 4147 quidem
330 4057 512 4144 audacibus
529 4073 572 4122 eo
588 4016 671 4122 aevo
686 4049 860 4122 sententiis
874 4053 1006 4142 facttum

696 4195 800 4251 20
825 4168 849 4213 ⁴*
