2710 4764
10 906 15 1001 l

9 1044 15 1141 l

7 1170 15 1313 l

396 593 559 668 FLORA
578 594 844 668 nontamen
1058 595 1106 668 28

114 801 233 867 hortis
251 806 373 868 vineae
391 804 477 868 adeo
490 803 621 871 feraces
643 817 759 884 erant,
789 817 827 869 ut
840 801 965 898 myst,
998 805 1104 872 inian-

118 927 162 1000 ti,
198 944 218 987 a
244 935 346 1010 patre
371 929 613 1014 quinquaginta
635 933 720 994 vites
744 929 903 1014 promitti
928 933 1104 1014 potueriat

119 1037 202 1122 (Ori.
223 1045 292 1123 24,
317 1040 404 1124 342.
412 1039 441 1121 ).
497 1043 644 1114 Achillia
667 1035 806 1141 clypeus
820 1043 1017 1127 ‚vindemiae
1032 1051 1102 1116 ico·

118 1161 392 1229 nem'relerebat
423 1159 564 1246 (ll.18,
591 1159 713 1243 561.).
1117 1235 1120 1252 ,

197 1281 328 1350 Ulmus
350 1258 548 1372 campestrll
583 1278 760 1364 (πτελέαι)
795 1292 831 1352 in
847 1286 952 1352 Iliade
969 1239 1021 1354 bls
1044 1311 1100 1354 oc·

6 1404 13 1451 ='
120 1407 237 1470 currit
266 1399 330 1482 (6,
356 1405 441 1494 419.
467 1407 535 1485 321,
561 1401 682 1488 242.)
733 1405 914 1504 Nymphae
930 1413 1098 1476 montico-

119 1521 171 1590 lae
189 1543 244 1588 eae
261 1525 403 1590 arbores
417 1524 572 1614 sepulcro
589 1525 740 1596 Eetionis
754 1519 1028 1618 circumponunt.

198 1665 321 1754 Moly‚
352 1667 444 1752 quod
467 1667 617 1766 Hermes
638 1665 762 1762 Ulylli,
795 1667 892 1734 velut
906 1667 1097 1732 antidotum
1155 1675 1161 1686 '

122 1786 303 1852 ebrietatis
328 1788 547 1854 commendat
585 1780 895 1870 (od.1o„3o5.)
930 1789 967 1850 in
993 1791 1097 1851 maxi-

121 1925 216 1966 mam
233 1905 434 1970 iamdudum
452 1909 708 1975 contentionem
729 1913 839 1988 venit,
865 1911 1022 1992 varieque
1040 1927 1097 1970 ex·

120 2023 271 2110 potitum
295 2024 370 2092 fuit.
417 2027 559 2116 Nigram
580 2005 641 2118 ipsi
664 2037 766 2117 poeta
787 2031 909 2094 tribuit
933 2027 1094 2104 radicem,

120 2141 272 2212 lacteum
307 2143 446 2227 florem,
479 2147 596 2215 elioiiu
623 2149 758 2215 difficile
788 2147 900 2214 habet.
957 2147 1094 2214 Theo·
1169 2201 1173 2210 ,

8 2324 13 2345 ,
121 2263 338 2353 pitrosius
367 2261 398 2346 (
399 2267 473 2354 hist.
491 2288 533 2356 9·‚
566 2263 647 2348 15.)
687 2267 798 2362 paullo
834 2276 980 2336 curatius
1005 2267 1092 2338 hano

121 2387 276 2476 plantam
301 2384 480 2480 deliniens,
511 2388 663 2454 radicem
690 2387 866 2452 contendit
892 2387 955 2454 eise
974 2401 1092 2454 rotun,

123 2510 222 2588 dam,
251 2529 420 2595 ‘ceparum
443 2531 557 2590 more,
586 2507 670 2576 lolia
691 2509 799 2577 scillae
822 2505 953 2586 fimilta,
983 2527 1094 2594 neque

124 2629 231 2694 effodi
258 2629 343 2695 adeo
363 2651 480 2716 aegre,
512 2651 550 2694 ao
566 2629 742 2696 Homerus
759 2628 944 2717 perhibeat.
996 2625 1095 2714 Opti·

121 2773 221 2816 mum
246 2753 430 2836 provenire
449 2752 538 2838 apud
553 2747 725 2816 Pheneum
740 2747 908 2815 Arcadiae
931 2761 964 2812 et
984 2744 1095 2839 Cylle-

120 2892 208 2936 nen:
241 2855 418 2972 'praestans
443 2863 514 2936 ¹elie
547 2872 748 2962 antidotum.
806 2869 906 2936 Unde
939 2865 1095 2950 efficitur,

122 2991 210 3063 Allii
226 2987 373 3076 speciem
390 2989 463 3057 elle.
501 2987 613 3056 Simili
628 2991 727 3078 plane
739 2995 871 3055 ratione
884 2983 982 3083 Moly
1000 2979 1093 3050 suuni

123 3113 287 3180 describit
317 3101 608 3202 Dioscorides¹
646 3107 715 3196 (3,
748 3102 832 3190 54.)
862 3105 946 3174 flore
970 3107 1093 3186 albida,

122 3231 213 3302 loliis
230 3227 377 3320 angustis
393 3243 427 3294 et
439 3233 557 3296 radice
573 3235 701 3320 exigua.
761 3227 892 3319 Quibus
917 3226 1013 3296 Plln
1025 3230 1107 3290 ius‘

121 3348 209 3434 (25,
238 3345 302 3432 4.)
334 3351 447 3429 addit,
478 3349 628 3416 Graecos
650 3362 805 3414 auctores
827 3345 948 3414 florem
970 3345 1093 3413 flavum
1187 3383 1188 3390 κ

121 3478 282 3562 pingere,
300 3493 404 3556 quum
419 3469 594 3535 Homerus
605 3469 716 3534 album
732 3473 945 3554 pronunciet.
981 3465 1095 3557 lrrcer·
1180 3452 1183 3456 ⁵

121 3605 193 3656 tum
210 3605 332 3656 tamen
346 3586 412 3668 est,
449 3611 611 3675 quosnam
628 3601 785 3658 auctores
802 3587 952 3684 Graecos
967 3583 1093 3652 Plinius
1130 3657 1133 3663 ,

121 3711 359 3800 subintelligat.
410 3709 513 3780 Hunc
527 3733 611 3777 vero
629 3709 767 3794 sequeno
786 3707 864 3774 Cur.
894 3703 1094 3791 Clusius,

121 3841 256 3904 iracunte
271 3830 406 3897 swano
421 3827 546 3909 XVII„
562 3827 645 3894 Allii
661 3810 807 3917 speciem
825 3827 1004 3912 quanrdanr
1019 3823 1094 3888 Mo·

119 3953 152 4050 ly
166 3956 376 4031 declaravit,
409 3955 500 4038 quod
517 3951 598 4016 lolia
617 3947 776 4037 radicalia
791 3945 976 4012 lanceolata
992 3955 1025 4006 et
1040 3939 1094 4005 fla·

117 4099 193 4152 wia
215 4076 349 4152 liorem
375 4070 536 4144 habebat·
554 4067 654 4168 (App.
680 4067 742 4142 alt.
769 4069 818 4142 ad
832 4066 935 4163 scirp-
961 4051 1035 4137 rur·¹
1059 4065 1095 4132 in
