2642 4776
222 500 845 622 tarmomnmmarms.
950 535 1023 642 277
1086 567 1089 576 ·
1150 611 1167 640 ,

55 751 239 837 gummosus
261 753 472 846 intelligitur.
524 751 594 824 Pro
618 755 722 846 Spica
740 755 862 824 'celtica
882 755 1022 824 sarrun-
1060 791 1062 796 .
1167 729 1177 748 ’

54 893 118 934 cam
131 895 376 964 nonnunquam
393 883 478 966 poni
492 859 555 967 (f.
573 871 658 958 248.
675 880 708 942 b.
715 873 744 954 ).

116 989 251 1064 Primus
269 1003 471 1084 ceteroquin
489 983 670 1087 spiraeum
684 994 942 1084 Filipendulam
965 992 1019 1081 (f.

52 1104 122 1197 237·
137 1136 164 1180 a.
173 1109 212 1195 ),
227 1155 230 1166 ·
243 1113 439 1186 Clematida
459 1118 691 1186 Flammulam
721 1109 774 1206 (f.
799 1112 959 1198 236.‘d.)
984 1129 1027 1186 ab
1128 1189 1131 1200 ,
1160 1131 1163 1139 “

51 1207 218 1326 Galeopji'rr
234 1237 397 1306 Tecraotc
423 1236 476 1330 (s.
495 1234 578 1308 251.
595 1233 653 1318 c.)
678 1243 844 1304 nominat.

113 1352 227 1424 Huius
249 1363 322 1424 aevi
344 1357 410 1426 fine
427 1359 533 1424 dubio
556 1358 819 1456 Hrnranros
844 1353 908 1422 eise
923 1358 1018 1424 vid'e·

49 1487 112 1555 tur,
143 1485 241 1546 cuius
258 1496 425 1570 nusquam
439 1485 825 1558 mentionem'invenio,
852 1477 909 1544 nili
923 1481 1014 1570 apud

50 1593 256 1667 vincentium
273 1600 556 1670 Bellovacensem.
605 1598 774 1668 Arbitror
790 1613 915 1676 antem,
938 1623 1012 1679 mo·

48 1717 178 1786 rachum
202 1725 388 1810 quemdam
411 1721 604 1814 compilasse
629 1743 673 1787 err
695 1720 855 1788 Arabum
878 1717 1013 1806 scriptia

51 1850 77 1902 et
87 1837 209 1925 Plinio,
244 1847 409 1930 quidquid
431 1847 474 1913 de
489 1839 613 1937 plantis
627 1840 866 1909 innotesceret.
917 1839 1011 1907 linio
1100 1856 1102 1864 ’

49 1973 143 2028 autem
165 1971 266 2055 operi
289 1969 408 2032 eadem
422 1966 499 2034 fere
513 1971 693 2046 autoritas,
727 1985 827 2052 quam
844 1960 1009 2037 Plateario

50 2090 75 2148 tt
90 2079 329 2167 Constantino,
355 2088 485 2156 tributa
497 2083 590 2157 luisse
606 2087 752 2156 viderur.
845 2139 847 2146 .

307 2309 596 2368 errantum
627 2311 732 2386 xtra.

106 2447 262 2536 Melioris
276 2457 390 2544 paullo
411 2459 620 2526 conditionis
635 2457 710 2549 spes
729 2457 873 2537 adstulit,
900 2481 1004 2554 quum
1053 2461 1056 2474 '

46 2574 199 2644 civitatum
214 2579 425 2663 italicarum,
439 2579 582 2662 Amalfi,
597 2580 752 2662 (leonae,
768 2579 1003 2664 Veneriorum,
1100 2667 1106 2674 ἱ

44 2689 116 2766 Pisae
129 2715 162 2766 et
175 2701 371 2769 Florentiae
395 2706 645 2770 commercium
667 2702 752 2770 adeo
768 2715 946 2788 augeretur
962 2725 1002 2770 ac

44 2815 289 2902 extenderetur,
320 2835 358 2890 ut
384 2829 419 2890 'et
444 2845 562 2892 rerum
584 2815 786 2913 naturalium
810 2827 1003 2909 cognitioni

42 2943 96 3006 vim
112 2958 143 3010 et
158 2951 346 3036 imperium
361 2927 563 3038 prosperare
577 2945 771 3022 videretur,
797 2955 831 3007 et
847 2941 1003 3030 iu'perili·'

40 3064 126 3138 tionis
148 3069 343 3135 dominium
360 3080 395 3132 et
413 3072 633 3166 antiquorum
649 3067 938 3153 praeiudiciorum
954 3067 999 3133 la'·

40 3179 190 3256 befactari.
244 3187 507 3256 Memorabilem
530 3186 645 3252 locum
666 3190 803 3252 invenio
826 3188 914 3274 apud
936 3186 998 3268 Pe·
1033 3181 1034 3184 '
1121 3231 1127 3240 ,

40 3315 118 3368 erum
133 3305 365 3396 Apamensem,
392 3309 657 3378 celeberrimum
682 3313 852 3396 vergentis
876 3308 997 3377 saeculi

39 3403 206 3496 auctorem.
256 3431 290 3498 Is
316 3429 416 3526 (diff.
435 3429 492 3517 67.
520 3431 650 3498 Concil.
665 3429 846 3522 differem.
871 3414 993 3498 Venet.

41 3535 128 3612 1520.
152 3549 210 3616 iol.
222 3545 241 3631 )
273 3553 318 3618 ‹le
342 3551 514 3645 habitabili
541 3551 732 3640 aequatoris
754 3561 840 3611 zona
863 3543 998 3654 discep:

36 3669 110 3740 la¹¹8,
140 3669 264 3754 refert,
298 3669 403 3739 leniet
423 3671 549 3739 novisse
571 3669 764 3742 hominem,
793 3647 856 3748 ,qni
879 3670 916 3728 in
939 3689 1002 3731 re··

37 3783 119 3861 glane
133 3789 323 3884 (linborum
351 3789 596 3882 (Zanguebar)
622 3775 893 3856 rideritiacoum
910 3786 992 3857 loco

36 3895 126 3976 stellae
141 3916 264 4002 polaris
280 3911 446 3984 australis:
479 3917 521 3980 cie
538 3911 605 4004 ipsa
620 3909 678 3978 fibi
693 3927 829 3992 quoque
843 3906 988 3974 retulisse

37 4017 172 4110 Marum
196 4037 369 4108 venetum
388 4026 603 4118 (Paulum),
636 4039 806 4110 omnium,
825 4044 987 4114 quorum
