2658 4772
347 481 720 586 'armorumu-
972 505 1020 602 50

44 725 93 808 git,
113 735 184 786 uos
200 725 414 810 praeprimis
429 723 473 788 de
489 731 711 790 cucumerum
725 721 938 818 aliorumque
948 725 1021 810 piu·

45 846 155 926 guibus
172 841 367 908 seminibus
383 850 520 930 experti
533 844 657 914 sumus.
692 841 870 912 Radiculas
885 831 1021 937 (ῥαφῶ

45 945 137 1043 ullas)
158 985 209 1030 eo
225 969 383 1032 acriores
402 963 486 1044 effe,
522 989 590 1052 quo
607 970 783 1034 tenulores
805 963 866 1032 bnt
886 960 1021 1053 (probl-

47 1107 102 1164 20,
130 1105 192 1150 ιι.
247 1082 305 1150 Cf.
331 1084 491 1156 Arban.
512 1106 554 1176 9,
581 1080 684 1164 2.)..
738 1083 871 1174 Siquis
894 1079 1021 1156 ellam

44 1207 152 1272 radice
169 1219 278 1272 tenus
295 1206 558 1274 circumfoderit
576 1222 612 1274 et
631 1191 805 1303 καχςόδια
826 1215 1021 1298 circumpo-

46 1323 157 1404 luerit,
198 1325 315 1394 multo
341 1299 490 1394 maiores
518 1342 552 1394 et
578 1327 752 1398 craffiores
777 1328 852 1398 fieri
875 1333 1021 1400 radices.

46 1428 281 1542 Εακαχςιξδια
295 1461 435 1514 vernant
449 1447 640 1538 Geoponioi
663 1447 750 1533 (12,
775 1447 860 1530 25.)
883 1457 920 1520 iu
933 1435 1022 1538 οἶχυ·
1156 1485 1161 1500 .
1260 1465 1263 1473 ’

45 1583 99 1657 ραι,
128 1579 171 1632 ut
196 1565 257 1634 vel
277 1567 392 1656 palme
415 1567 476 1636 fiat
497 1570 550 1638 vel
572 1567 744 1640 hordeum
764 1571 891 1641 tostum
923 1569 1023 1662 (pro-

47 1688 137 1753 blem.
163 1709 234 1764 20,
265 1679 299 1750 8.
308 1680 338 1766 ).
364 1733 373 1752 .
431 1687 526 1782 Quae
549 1687 690 1772 florent,
723 1690 837 1758 fructu
866 1716 1021 1760 nonuun-

48 1829 286 1895 qrumcarere
303 1809 479 1890 videntur,
512 1825 550 1878 ut
566 1808 679 1886 σίκυος
702 1809 889 1894 (Cacumis
904 1811 1022 1896 Melo)

48 1943 77 1993 et
98 1911 309 2000 κολοκύνθίς
339 1924 527 2008 (cucumis
542 1929 710 2020 farivus)
742 1949 777 2004 et
794 1922 857 2030 ῥόοι
888 1935 1022 2019 (noane

47 2041 115 2145 ῥοῧς
133 2051 320 2123 Corinna?
325 2043 348 2128 )
376 2048 432 2118 lea
451 2049 549 2122 lorba
569 2039 735 2151 ἄκαρπα,
765 2057 822 2124 sed
837 2056 889 2126 his
905 2073 1021 2128 tamen

48 2173 194 2254 fructum
220 2171 303 2240 esse:
329 2178 559 2263 pericarpium
582 2177 646 2246 elle
659 2179 789 2266 [florem
805 2185 842 2246 in
855 2181 1022 2250 Cucume·

49 2319 81 2362 re
94 2295 253 2364 Melone·
273 2290 407 2384 (probl.
422 2317 488 2378 ao,
515 2293 549 2361 3.
556 2292 585 2378 ).
634 2297 737 2376 Rosas
752 2301 916 2370 umbilico
931 2303 1021 2392 alpe·

49 2441 85 2484 ro
99 2412 453 2508 (germiae-bispida)
475 2416 657 2488 instructae
683 2419 818 2506 (ponae
836 2421 875 2490 R.
891 2425 1022 2512 musco·

45 2539 80 2625 sa
97 2532 393 2625 autfmosclrata)
423 2538 552 2608 farvius
574 2541 668 2610 olore
689 2567 788 2628 quam
807 2549 926 2630 quibus
947 2549 1021 2634 ger-

51 2671 123 2726 meir
143 2661 243 2726 laeve
265 2657 304 2724 fit
334 2657 539 2751 (probl.12‚
567 2658 602 2732 8.
610 2660 639 2744 ).
690 2667 839 2752 luquirit
857 2674 959 2736 eliam
983 2676 1022 2738 in

52 2787 230 2858 rationem,
245 2801 307 2846 cur
317 2772 535 2868 {apocalama
551 2778 768 2873 (Smyrm'um
781 2785 867 2854 Olus
882 2783 1023 2870 altura)

53 2902 170 2968 bienna
183 2897 250 2966 fit?
277 2897 495 2990 (problao,
521 2899 584 3004 χ.)
651 2931 656 2936 ·

116 3024 202 3091 Nou
216 3017 336 3088 desunt
351 3035 466 3089 tamen
482 3024 657 3114 exempla,
681 3027 740 3090 ubi
760 3030 861 3114 genio
883 3033 954 3096 aevi
974 3027 1022 3094 lui

54 3159 83 3210 et
94 3145 305 3214 mirabilium
322 3149 434 3211 amori
448 3145 613 3234 indulget.
664 3145 724 3212 Sic
738 3161 847 3214 rutam
867 3147 1026 3236 pulcher·

54 3238 231 3332 rimam-et
246 3265 431 3356 plurimam
449 3267 555 3334 enasci
577 3271 778 3347 arbitratur,
808 3267 924 3342 filicui
940 3270 994 3338 ins
1010 3307 1024 3324 ·

57 3403 161 3484 ratur,
190 3389 286 3476 quod
301 3386 368 3454 fide
386 3393 529 3456 omnino
547 3397 643 3458 vacat
666 3387 796 3481 (procl.
813 3415 878 3476 20,
904 3389 996 3486 18.)
1057 3483 1065 3511 k
1205 3421 1210 3428 ·

87 3595 639 3674 ,usurpo-mrsrorrirs
665 3619 967 3698 urruuurrs.
1010 3550 1015 3585 Ι

118 3759 220 3828 Haud
247 3759 471 3828 necessarium
505 3765 673 3844 arbitror,
719 3765 810 3850 quod
836 3763 901 3832 lul.
931 3765 1025 3854 Caefl
1065 3789 1069 3796 ·

59 3880 202 3974 Scaliger
215 3883 420 3950 immensam
437 3887 639 3953 eruditionis
655 3887 913 3976 supellectilem,
937 3891 1023 3954 iute-

58 4011 162 4095 grique
187 4007 378 4077 voluminis
403 4006 557 4082 laborem
585 4015 622 4078 in
647 4031 689 4096 eo
715 4007 953 4086 collocaverit,
984 4023 1046 4108 ut¹
1127 4097 1130 4106 ,
