2642 4776
283 543 367 616 aot
433 496 608 618 anans
648 543 749 616 cna
766 545 797 614 1.
856 548 1122 626 varanna·

295 761 480 832 cutoriam,
507 753 805 840 frequentissimam
826 749 985 844 herbam3
1015 761 1191 829 dissensum
1211 787 1259 831 ve·

287 893 407 971 terum
423 879 465 942 de
475 875 585 941 Malva
601 889 635 939 ot
647 874 793 941 Althaea
805 861 1065 965 haudquaquam
1086 894 1257 971 componi;

292 996 518 1065 Lavandalam
555 993 708 1060 nostram
739 1019 805 1086 pro
837 997 955 1064 Nardo
988 1001 1111 1068 celtica
1139 1001 1258 1070 haberi.

292 1121 409 1204 Neque
432 1131 547 1208 tamen
568 1139 609 1182 eo
632 1121 746 1182 minus
770 1117 903 1187 Helleni
923 1125 1087 1186 iniuriam
1113 1122 1161 1192 est
1182 1129 1258 1192 iudi·

287 1249 401 1338 cium,
417 1237 573 1304 Marcelli
588 1243 834 1304 commentaria
847 1235 1007 1330 stirpibus
1024 1238 1143 1313 minus
1155 1254 1258 1336 cogui-

290 1369 335 1430 tis
355 1362 567 1452 exponendis
584 1381 654 1426 non
672 1359 845 1426 inservire·
898 1359 1028 1436 Sedulo
1043 1379 1141 1433 certa
1154 1367 1258 1434 noster

291 1483 421 1571 plantas
441 1449 532 1544 llaud
553 1500 675 1568 paucas
698 1479 766 1569 ipse
791 1487 997 1551 examinavit
1020 1499 1055 1552 et
1077 1511 1159 1553 cum
1175 1505 1257 1556 nete·

290 1581 369 1670 ¹rum
394 1602 620 1690 descriptione
642 1606 864 1688 comparavit.
923 1600 1037 1693 Quum
1055 1603 1176 1673 Arum
1198 1609 1258 1676 vul.

275 1701 370 1815 ¹gare
394 1723 597 1790 inaculatum
622 1728 758 1811 priores
781 1720 931 1788 herbarii
954 1723 1163 1814 plerumque
1188 1753 1256 1796 cam
1312 1719 1313 1778 ἓ

290 1846 510 1916 Dracnncalo
532 1843 774 1920 confodissent,
807 1843 897 1910 hunc
918 1831 1033 1913 noster
1055 1855 1257 1938 primusve·
1312 1909 1313 1918 ,

288 1995 366 2038 rum
387 1971 473 2035 vidit
493 1981 526 2034 et
543 1972 679 2056 egregie
699 1963 877 2058 descripsit.
928 1965 1061 2036 Primus
1082 1971 1156 2038 risrt
1175 1974 1257 2040 faba·
1312 1943 1313 2032 l

286 2093 335 2162 las
370 2088 412 2157 de
438 2090 552 2156 radice
584 2066 877 2180 οἵνθξωπομέςφῳ,
902 2088 1166 2180 Mandragorae.
1204 2087 1256 2162 'ln

287 2199 385 2282 sciolis
412 2225 567 2277 veterum
594 2207 818 2276 dilucidandis
846 2230 1056 2298 magnopere
1082 2215 1255 2283 desudavit.

287 2336 381 2422 Vaga
404 2336 544 2397 nomina
569 2343 604 2394 et
628 2327 749 2394 haram
778 2341 818 2394 et*
835 2329 1071 2423 narcissorurn·
1085 2335 1153 2426 esse
1177 2341 1255 2404 bena

287 2459 465 2545 cognovit:
497 2456 627 2520 invenit
649 2451 730 2516 duas
746 2447 885 2515 Narnffi
905 2449 1035 2540 species
1058 2459 1093 2518 in
1108 2453 1253 2545 Apenni-

277 2579 351 2654 no,
374 2572 416 2638 N.
434 2573 592 2666 bijlorum
609 2583 643 2636 et
658 2543 883 2636 calathinum.
928 2569 1137 2652 Xanthiam,
1158 2573 1254 2664 Agri·

285 2699 435 2762 moniam
451 2691 670 2780 Eupatoriam
687 2705 722 2756 et
734 2691 896 2770 Vineam,
914 2715 993 2760 cum
1008 2691 1252 2782 Chamaedaph·
1311 2769 1312 2780 χ

285 2840 328 2882 ne
358 2837 377 2880 a
404 2815 589 2879 maioribus
614 2826 877 2890 commutatam,
917 2820 1049 2904 optime
1072 2813 1252 2884 illustravit.
1311 2789 1312 2880 l

283 2937 491 3010 Defenditur
517 2955 536 2998 a
560 2929 699 3026 Fualrsro
728 2939 765 3000 in
797 2937 893 3022 episc.
926 2944 1187 3027 nuncupatoria
1212 2940 1251 3006 ad
1311 2919 1312 2974 l

285 3065 360 3148 lille.
378 3059 482 3149 scz'rp·
557 3113 566 3123 ,

355 3184 395 3250 ln
419 3182 545 3248 horum
570 3183 724 3246 virorum
750 3197 896 3266 numero
921 3177 1029 3270 fulget
1053 3188 1250 3272 praeprimis

282 3329 320 3374 ao
342 3301 493 3395 splendet
515 3305 679 3367 eximium
712 3297 899 3365 Nrcoanr
933 3297 1181 3368 Leontcanr
1208 3310 1250 3370 ia·

281 3429 436 3516 genium,
463 3424 529 3488 viri
544 3433 578 3484 et
595 3421 770 3487 doctrinae
788 3426 887 3510 copia
909 3434 943 3486 et
958 3429 1115 3491 acumine
1129 3425 1249 3512 ingenii

269 3561 315 3614 'et
335 3545 526 3632 linguarum
544 3553 703 3630 veteram
715 3537 776 3644 psa
792 3539 1004 3610 excellentiss
1053 3543 1248 3614 vicentinus

279 3676 327 3752 is,
361 3665 534 3730 Ferrariae
556 3682 619 3748 per
642 3660 780 3750 longam
801 3685 969 3730 annorum
989 3662 1111 3732 seriem
1133 3667 1249 3759 sapien·
1310 3727 1311 3748 ,

279 3753 362 3856 riam
396 3777 580 3871 professae,
622 3781 733 3848 donec
768 3782 987 3848 centesimum
1021 3781 1096 3854 sere
1131 3809 1247 3852 annum
1310 3797 1311 3800 ’

279 3925 380 3994 agens
414 3924 433 3967 a
459 3905 542 3966 vivis
568 3900 702 3966 secessit.
764 3901 982 3974 Felicisfimas
1016 3901 1145 3986 senex,·
1177 3900 1246 3998 poll

172 4090 180 4094 .
207 4115 211 4121 .
277 4025 421 4100 aliorum
443 4027 645 4106 certamina,
678 4024 761 4096 adiit
785 4029 889 4108 etiam
910 4037 1065 4100 veteres,
1090 4023 1241 4093 Plinium·
1310 4033 1311 4098 l

740 4309 742 4318 ‘
773 4313 787 4342 6
