2658 4772
207 525 599 604 Turoruuusrus
619 467 826 600 'tarenis
941 549 1007 598 ιιι

104 735 265 806 Arbores
286 741 421 826 primus
443 743 544 801 uocat
558 707 838 822 poucmeltexrif,
857 731 1013 804 Fruticae

46 880 116 924 uero
144 845 360 952 (opipara)
390 850 666 940 πολυστελεχεῒς
687 840 762 918 cicc*
782 841 888 947 ῥίζηςε
919 855 1016 953 P⁰ffj⁰

46 993 145 1046 tamen
160 995 195 1046 et
211 981 307 1046 olera
321 977 558 1057 arborescere,
588 999 673 1062 quae
696 958 953 1071 δενδςολᾶχανα
965 983 1014 1045 ic-

46 1105 128 1164 circo
142 1114 331 1180 vocentur,
351 1113 386 1168 et
401 1112 556 1196 myrtunt
572 1095 776 1177 frutescere,
795 1102 832 1162 ni
847 1103 1013 1166 continuo

44 1235 201 1310 purgetur
222 1218 318 1308 (bist.
332 1245 365 1302 1,
389 1215 421 1290 5.
424 1217 452 1303 ).
495 1206 597 1315 Βςύον
611 1220 684 1284 fere
698 1217 833 1308 semper
848 1241 1014 1307 gemmas.
1124 1257 1131 1269 ν

45 1333 237 1430 βλάστημα
252 1359 364 1410 autem
379 1365 523 1433 germen
539 1367 557 1408 e
573 1342 699 1409 semine
713 1354 769 1408 aut
783 1361 919 1430 gemma
932 1365 1015 1432 pro·
1072 1424 1074 1436 Ι

46 1470 130 1536 diens
156 1465 299 1556 (pouffe
315 1489 359 1532 ott
374 1469 526 1553 rejetton
544 1463 745 1540 Gallorum)
761 1447 860 1529 ibae
874 1487 1014 1554 capreo·

45 1586 122 1670 lum,
147 1581 341 1682 οἰκςέμογας
359 1609 476 1652 ramos
498 1600 554 1652 aut
571 1570 664 1674 ὄζους
680 1598 790 1654 vocat.
822 1601 825 1606 ·

107 1711 164 1778 De
185 1711 356 1778 fructibus
380 1731 482 1800 agens
502 1711 710 1802 paucilfimas
727 1715 868 1782 arbores
885 1697 1014 1809 ὄσπρια

47 1833 125 1900 ferre
149 1847 208 1900 aut
229 1831 511 1928 gymnospermas
537 1833 600 1900 elle
620 1831 839 1904 existimavit:
870 1827 1034 1917 allofilo?

48 1950 228 2048 σπέρματα
244 1947 461 2048 (siliquosas)
477 1958 608 2042 optime
624 1956 782 2022 distinxit
798 1961 839 2022 ab
849 1953 1016 2048 ἐμφλοιο·
1123 1978 1130 1993 “

50 2074 218 2173 σπέρμασι
235 2091 269 2142 et
285 2069 608 2170 uoeurecce‘gpoecr
625 2075 718 2165 (hist.
734 2101 763 2159 1,
785 2071 841 2145 18.
870 2102 905 2168 7,
929 2077 994 2164 5.).

104 2203 214 2292 Ipsam
240 2221 324 2268 vero
345 2199 479 2288 plantae
501 2197 734 2270 definitionem
755 2199 843 2268 haud
859 2202 951 2271 aulus
967 2201 1016 2278 est

47 2323 212 2410 proferre:
246 2323 334 2386 bene
355 2326 446 2386 enim
468 2317 659 2408 perspexit,
692 2321 778 2388 adeo
798 2327 925 2390 variam
944 2324 1016 2392 'esse

47 2441 276 2532 vegetabilium
298 2439 471 2522 indolem,
503 2453 541 2506 ut
562 2446 678 2530 paucis
699 2447 814 2526 perbis
839 2445 1016 2518 character

47 2587 154 2632 eorum
180 2569 335 2654 exprimi
358 2575 512 2648 nequeat.
565 2547 699 2640 (‘'Ol.ur;
721 2547 754 2630 δὲ
777 2556 953 2657 πολύχουν
975 2561 1016 2643 ἐδ

43 2683 97 2753 ruit
121 2682 248 2780 φυτῶν
272 2677 331 2748 rel
352 2680 504 2750 ποικίλον
529 2679 588 2748 aad
615 2677 776 2772 χαλεπὸν
799 2689 899 2763 εἰπεῖν
929 2684 1016 2764 καθ’

42 2795 124 2889 llos,
159 2809 241 2898 hist.
269 2832 308 2888 1,
343 2807 411 2887 2.).
472 2807 591 2913 Neque
612 2812 766 2878 radicem
789 2821 882 2884 enim
904 2843 1016 2908 neque

41 2933 165 3000 caulem
182 2953 295 3026 npque
311 2928 433 2996 florem
449 2953 559 3016 neque
573 2931 724 3000 fructum
740 2939 899 3006 omnibus
911 2939 1017 3034 fingu-

39 3053 144 3144 lisq'ue
160 3055 290 3146 plantis
303 3057 407 3118 tribui
423 3051 500 3140 poll
518 3099 526 3118 .

108 3181 346 3264 Ceteroquin,
377 3181 533 3251 veterum
556 3175 839 3270 philosophorum
854 3209 972 3269 more,
998 3213 1018 3257 a

41 3307 302 3391 comparatione
313 3279 514 3364 'animalium
536 3320 614 3365 cum
635 3301 758 3392 plantis
780 3307 1018 3396 proficiscitur,

42 3439 73 3488 ut
87 3439 121 3489 et
134 3423 306 3489 fabricam
320 3419 513 3510 plantarum
531 3435 564 3486 et
579 3429 726 3508 partium
743 3427 838 3494 usum
856 3450 1018 3526 exponat.
1100 3512 1102 3525 Ι

42 3546 128 3614 Hinc
145 3551 188 3614 ad
203 3547 384 3613 humidum
401 3545 546 3610 radicale
562 3555 596 3610 e't
610 3546 756 3612 calidum
775 3551 1020 3644 primigenium

48 3675 154 3734 omnia
170 3655 341 3734 reducere
358 3679 500 3732 conatur
516 3665 612 3753 (bist
629 3691 664 3747 1,
677 3665 711 3747 ὅ,
738 3671 844 3760 euusfl
859 3695 889 3755 1,
908 3671 963 3740 13.
971 3674 999 3759 ).

113 3787 228 3882 Quum
244 3785 453 3856 Aristoteles
469 3789 718 3858 inanimalibus
737 3785 778 3858 dd
793 3794 894 3862 fibras
914 3811 949 3863 et
966 3823 1020 3884 re·
1102 3791 1104 3796 ¹

55 3929 102 3976 uas
119 3915 241 4001 ubique
266 3907 446 3978 confilium
466 3910 695 3992 transtulerit,
722 3913 838 3982 noster
858 3917 954 3984 simili
969 3943 1021 3986 ra·

57 4036 132 4100 tione
155 4033 237 4125 haec
258 4034 435 4126 principia
454 4035 492 4094 in
514 4023 700 4102 he'rb'arum
719 4035 891 4131 physicam
908 4045 1020 4133 intro·
1072 4088 1083 4111 ,·
