2642 4776
145 456 204 504 ⁹
288 510 500 618 274,
517 503 676 581 tra
696 507 782 576 111
804 461 976 578 crau

304 759 308 766 .
639 647 643 778 s
701 699 855 778 carr

305 889 310 904 .
408 830 1162 913 retractabantur-Anares

307 1009 437 1105 Qui
469 1014 586 1082 medio
621 1037 704 1084 aevo
737 1037 813 1081 rem
846 1011 1041 1080 herbariam
1081 1021 1267 1104 attigerunt,

295 1131 431 1206 Arabes
447 1133 520 1200 fer'e
535 1135 626 1204 solos
650 1135 802 1224 (eosque
818 1135 956 1225 Pelfime'
971 1159 1030 1202 ver
1034 1131 1107 1217 flos
1113 1181 1124 1214 ,
1094 1131 1309 1217 >aurat

296 1263 346 1324 aiii
370 1257 575 1348 farraginem
601 1271 658 1323 ant
679 1255 897 1324 Dioscuridis
923 1255 1151 1321 miserrimam
1176 1257 1270 1321 iuter

293 1384 526 1468 pretationem
555 1377 684 1462 sequuti
704 1369 857 1476 bierunt.
920 1375 1133 1458 Naturalium
1163 1400 1274 1442 rerum

298 1499 528 1592 descriptores
545 1501 673 1586 antiqui
695 1504 798 1598 quum
811 1519 979 1583 nusquam
1001 1497 1076 1562 fere
1097 1495 1192 1564 clare
1208 1496 1272 1563 fatis

251 1693 254 1708 ,
301 1633 336 1688 et
359 1623 519 1688 distincte
544 1617 650 1684 semet
673 1615 916 1732 expresserint,
949 1639 1061 1705 neque
1084 1615 1145 1682 aisa
1172 1622 1272 1684 obiter

278 1749 283 1770 ¹
301 1743 467 1808 duntaxat
482 1740 676 1830 plantarum
692 1739 821 1822 formas
843 1756 877 1807 et
894 1739 1029 1808 calores
1045 1741 1274 1818 indicaverint,

279 1844 653 1930 ''Latinobarbarorum
677 1827 806 1928 desidia
822 1863 1074 1952 exemplaribus
1102 1869 1207 1930 etiam
1231 1884 1273 1926 ca·

301 1990 387 2062 ruit,
421 2005 568 2070 quorum
594 1975 734 2071 vestigia
757 1981 967 2072 sequeretur
1028 1982 1154 2052 Nullus
1183 1985 1272 2057 ordo,

301 2101 360 2180 nib
382 2099 610 2192 alphabeticus
617 2128 626 2186 ;
660 2103 753 2172 nulla
775 2111 918 2184 vetitae,
940 2109 1052 2190 'quum
1076 2102 1168 2170 male
1190 2101 1275 2168 intel-

299 2219 389 2290 lecta
396 2219 552 2294 Arabum
570 2237 604 2290 et
617 2223 833 2292 Graecorum
847 2223 923 2294 loca
939 2215 1161 2293 solummedo
1178 2238 1274 2290 trans·

301 2339 450 2436 scribere
465 2341 739 2430 cauimscerent;
758 2339 849 2414 nulla
864 2331 1041 2416 doctrinae
1057 2329 1162 2424 ratio,
1182 2367 1275 2432 quum

240 2496 242 2500 f
300 2457 393 2538 ¹baud
415 2468 506 2532 no'va
527 2465 672 2549 doecre,
705 2465 781 2547 ted,
815 2487 900 2553 quae
916 2473 1045 2538 centies
1063 2466 1159 2532 dicta
1174 2465 1277 2546 effert.

303 2585 429 2658 iterum
442 2598 601 2671 repetere
615 2585 664 2652 sui
682 2587 848 2655 ducerent
863 2584 978 2656 officii.

590 2719 992 2824 sarcutnu'xn

376 2885 534 2959 Arabum
553 2891 688 2964 florenti
691 2868 821 2960 ssimum
839 2869 873 2958 et
890 2865 1124 2959 mitiffimum
1114 2919 1152 2961 m
1168 2895 1276 2988 Hispa·

301 3011 356 3072 nia
376 3015 580 3101 imperium,
610 3011 802 3088 scholarum
821 3015 1032 3079 arabicarum
1050 3015 1231 3084 celebritas
1248 3029 1275 3082 et

278 3116 279 3136 ¹
301 3129 480 3200 doctrinae
497 3135 623 3229 gloria,
657 3137 699 3204 ab
713 3137 898 3202 undecimo
914 3135 995 3202 inde
1014 3123 1150 3204 saeculo
1168 3138 1275 3228 plures

164 3315 169 3334 ‚
264 3255 271 3277 ²
300 3239 430 3354 aellexit
444 3253 656 3326 Christianos
673 3279 692 3346 e
707 3255 906 3337 Germania,
931 3255 1044 3340 Italia²
1070 3257 1183 3328 Gallia
1204 3258 1274 3350 ipla-

301 3395 366 3464 que
391 3373 550 3463 Anglia,
566 3383 640 3467 qui,
671 3369 858 3444 liberaliter
885 3383 1021 3478 excepti
1046 3401 1066 3444 a
1088 3378 1275 3448 scholarum

218 3505 226 3517 “
287 3495 509 3564 arabicarum
535 3517 624 3596 prae
618 3495 734 3578 fectis,
769 3511 882 3567 totum
910 3493 1151 3572 doctrinarum
1181 3503 1274 3576 ambi·

289 3623 372 3681 tum
396 3639 475 3690 cum
495 3600 689 3712 linguarum
711 3619 929 3695 orientalium
953 3623 1156 3708 cognitione
1179 3626 1216 3688 in
1229 3640 1274 3710 pa·

297 3741 399 3802 triam
433 3735 635 3806 retulerunt.
691 3739 913 3830 Interpretari
945 3739 1019 3804 lunt
1052 3739 1088 3806 hi
1118 3740 1273 3808 Arabum

215 3899 217 3906 ,
298 3856 459 3948 discipuli
477 3880 598 3928 eorum
617 3861 742 3938 libros,
774 3873 811 3926 ut
826 3851 1052 3930 Hermannus
1067 3859 1202 3928 Comes
1216 3860 1274 3926 Ve-

297 3978 458 4068 ringenlis
483 3977 502 4062 (
511 3979 676 4050 Tritloem.
692 3982 810 4048 cartul.
826 3978 982 4072 hirsaug.
998 4001 1030 4062 ι,
1057 3974 1141 4074 148.
1149 3978 1191 4068 )‚
1217 3981 1274 4048 Ge·
